%% Saved with string encoding Unicode (UTF-8) 

@article{953350,
  Address = {New York, NY, USA},
  Author = {Nassi, I. and Shneiderman, B.},
  Date-Added = {2010-07-30 17:42:08 +0200},
  Date-Modified = {2010-07-30 17:42:08 +0200},
  Doi = {10.1145/953349.953350},
  Issn = {0362-1340},
  Journal = {SIGPLAN Not.},
  Number = {8},
  Pages = {12--26},
  Publisher = {ACM},
  Title = {Flowchart techniques for structured programming},
  Volume = {8},
  Year = {1973}}

