%% Saved with string encoding Unicode (UTF-8)
@techreport{Sorensen:2002fk,
  Address = {London},
  Author = {Carsten S{\o}rensen},
  Institution = {Department of Information Systems, The London School of Economics and Political Science},
  Number = {121},
  Title = {This is Not an Article: Just Some Thoughts on how to Write One},
  Type = {Working Paper},
  Year = {2002}}
